<?xml version="1.0" encoding="UTF-8"?><collection xmlns="http://www.loc.gov/MARC21/slim"><record><leader>00406nam--2200145-i-4500</leader><controlfield tag="001">000005683</controlfield><controlfield tag="002">20161230</controlfield><controlfield tag="005">20161230201026</controlfield><controlfield tag="008">060222s1000------------r-----000-0-eng-d</controlfield><datafield ind1=" " ind2=" " tag="080"><subfield code="a">541.15</subfield></datafield><datafield ind1=" " ind2=" " tag="100"><subfield code="a">Adamski, Tadeusz I Przytycka, Roza</subfield></datafield><datafield ind1=" " ind2=" " tag="245"><subfield code="a">Contribution a l etude de la coprecipitation du radium</subfield></datafield><datafield ind1=" " ind2=" " tag="260"><subfield code="a">Varsovie, L Institut De Recherches Nucl., 1961 6 P</subfield></datafield><datafield ind1=" " ind2=" " tag="490"><subfield code="a">266/Iv</subfield></datafield><datafield ind1=" " ind2=" " tag="852"><subfield code="a">13780</subfield></datafield></record></collection>